%YAML 1.1
%TAG !u! tag:unity3d.com,2011:
--- !u!29 &1
OcclusionCullingSettings:
  m_ObjectHideFlags: 0
  serializedVersion: 2
  m_OcclusionBakeSettings:
    smallestOccluder: 5
    smallestHole: 0.25
    backfaceThreshold: 100
  m_SceneGUID: 00000000000000000000000000000000
  m_OcclusionCullingData: {fileID: 0}
--- !u!104 &2
RenderSettings:
  m_ObjectHideFlags: 0
  serializedVersion: 8
  m_Fog: 0
  m_FogColor: {r: 0.5, g: 0.5, b: 0.5, a: 1}
  m_FogMode: 3
  m_FogDensity: 0.01
  m_LinearFogStart: 0
  m_LinearFogEnd: 300
  m_AmbientSkyColor: {r: 0.212, g: 0.227, b: 0.259, a: 1}
  m_AmbientEquatorColor: {r: 0.114, g: 0.125, b: 0.133, a: 1}
  m_AmbientGroundColor: {r: 0.047, g: 0.043, b: 0.035, a: 1}
  m_AmbientIntensity: 1
  m_AmbientMode: 0
  m_SubtractiveShadowColor: {r: 0.42, g: 0.478, b: 0.627, a: 1}
  m_SkyboxMaterial: {fileID: 2100000, guid: 7aa30c2e8e884dd4aaa33c19c5616fb6, type: 2}
  m_HaloStrength: 0.5
  m_FlareStrength: 1
  m_FlareFadeSpeed: 3
  m_HaloTexture: {fileID: 0}
  m_SpotCookie: {fileID: 10001, guid: 0000000000000000e000000000000000, type: 0}
  m_DefaultReflectionMode: 0
  m_DefaultReflectionResolution: 128
  m_ReflectionBounces: 1
  m_ReflectionIntensity: 1
  m_CustomReflection: {fileID: 0}
  m_Sun: {fileID: 0}
  m_IndirectSpecularColor: {r: 0.36352056, g: 0.39840567, b: 0.46590012, a: 1}
--- !u!157 &3
LightmapSettings:
  m_ObjectHideFlags: 0
  serializedVersion: 11
  m_GIWorkflowMode: 0
  m_GISettings:
    serializedVersion: 2
    m_BounceScale: 1
    m_IndirectOutputScale: 1
    m_AlbedoBoost: 1
    m_TemporalCoherenceThreshold: 1
    m_EnvironmentLightingMode: 0
    m_EnableBakedLightmaps: 1
    m_EnableRealtimeLightmaps: 1
  m_LightmapEditorSettings:
    serializedVersion: 9
    m_Resolution: 2
    m_BakeResolution: 40
    m_TextureWidth: 1024
    m_TextureHeight: 1024
    m_AO: 0
    m_AOMaxDistance: 1
    m_CompAOExponent: 1
    m_CompAOExponentDirect: 0
    m_Padding: 2
    m_LightmapParameters: {fileID: 0}
    m_LightmapsBakeMode: 1
    m_TextureCompression: 1
    m_FinalGather: 0
    m_FinalGatherFiltering: 1
    m_FinalGatherRayCount: 256
    m_ReflectionCompression: 2
    m_MixedBakeMode: 2
    m_BakeBackend: 0
    m_PVRSampling: 1
    m_PVRDirectSampleCount: 32
    m_PVRSampleCount: 500
    m_PVRBounces: 2
    m_PVRFiltering: 0
    m_PVRFilteringMode: 1
    m_PVRCulling: 1
    m_PVRFilteringGaussRadiusDirect: 1
    m_PVRFilteringGaussRadiusIndirect: 5
    m_PVRFilteringGaussRadiusAO: 2
    m_PVRFilteringAtrousColorSigma: 1
    m_PVRFilteringAtrousNormalSigma: 1
    m_PVRFilteringAtrousPositionSigma: 1
  m_LightingDataAsset: {fileID: 0}
  m_UseShadowmask: 1
--- !u!196 &4
NavMeshSettings:
  serializedVersion: 2
  m_ObjectHideFlags: 0
  m_BuildSettings:
    serializedVersion: 2
    agentTypeID: 0
    agentRadius: 0.5
    agentHeight: 2
    agentSlope: 45
    agentClimb: 0.4
    ledgeDropHeight: 0
    maxJumpAcrossDistance: 0
    minRegionArea: 2
    manualCellSize: 0
    cellSize: 0.16666667
    manualTileSize: 0
    tileSize: 256
    accuratePlacement: 0
  m_NavMeshData: {fileID: 0}
--- !u!1 &46961068
GameObject:
  m_ObjectHideFlags: 0
  m_PrefabParentObject: {fileID: 1534825206592566, guid: 749cee5392e4f6e468dcb88c493a693c,
    type: 2}
  m_PrefabInternal: {fileID: 0}
  serializedVersion: 5
  m_Component:
  - component: {fileID: 46961069}
  - component: {fileID: 46961072}
  - component: {fileID: 46961071}
  - component: {fileID: 46961070}
  m_Layer: 5
  m_Name: FillOverlay
  m_TagString: Untagged
  m_Icon: {fileID: 0}
  m_NavMeshLayer: 0
  m_StaticEditorFlags: 0
  m_IsActive: 1
--- !u!224 &46961069
RectTransform:
  m_ObjectHideFlags: 0
  m_PrefabParentObject: {fileID: 224387295619900292, guid: 749cee5392e4f6e468dcb88c493a693c,
    type: 2}
  m_PrefabInternal: {fileID: 0}
  m_GameObject: {fileID: 46961068}
  m_LocalRotation: {x: -0, y: -0, z: -0, w: 1}
  m_LocalPosition: {x: 0, y: 0, z: 0}
  m_LocalScale: {x: 1, y: 1, z: 1}
  m_Children:
  - {fileID: 1463617875}
  m_Father: {fileID: 560510594}
  m_RootOrder: 4
  m_LocalEulerAnglesHint: {x: 0, y: 0, z: 0}
  m_AnchorMin: {x: 0, y: 0}
  m_AnchorMax: {x: 0, y: 0}
  m_AnchoredPosition: {x: 355.17996, y: 51.599884}
  m_SizeDelta: {x: 105.7123, y: 64.2733}
  m_Pivot: {x: 0.5, y: 0.5}
--- !u!114 &46961070
MonoBehaviour:
  m_ObjectHideFlags: 0
  m_PrefabParentObject: {fileID: 114994316483186570, guid: 749cee5392e4f6e468dcb88c493a693c,
    type: 2}
  m_PrefabInternal: {fileID: 0}
  m_GameObject: {fileID: 46961068}
  m_Enabled: 1
  m_EditorHideFlags: 0
  m_Script: {fileID: -1862395651, guid: f70555f144d8491a825f0804e09c671c, type: 3}
  m_Name: 
  m_EditorClassIdentifier: 
  m_Delegates:
  - eventID: 0
    callback:
      m_PersistentCalls:
        m_Calls:
        - m_Target: {fileID: 560510593}
          m_MethodName: OnGazeOver
          m_Mode: 1
          m_Arguments:
            m_ObjectArgument: {fileID: 0}
            m_ObjectArgumentAssemblyTypeName: UnityEngine.Object, UnityEngine
            m_IntArgument: 0
            m_FloatArgument: 0
            m_StringArgument: 
            m_BoolArgument: 0
          m_CallState: 2
      m_TypeName: UnityEngine.EventSystems.EventTrigger+TriggerEvent, UnityEngine.UI,
        Version=1.0.0.0, Culture=neutral, PublicKeyToken=null
  - eventID: 1
    callback:
      m_PersistentCalls:
        m_Calls:
        - m_Target: {fileID: 560510593}
          m_MethodName: OnGazeOut
          m_Mode: 1
          m_Arguments:
            m_ObjectArgument: {fileID: 0}
            m_ObjectArgumentAssemblyTypeName: UnityEngine.Object, UnityEngine
            m_IntArgument: 0
            m_FloatArgument: 0
            m_StringArgument: 
            m_BoolArgument: 0
          m_CallState: 2
      m_TypeName: UnityEngine.EventSystems.EventTrigger+TriggerEvent, UnityEngine.UI,
        Version=1.0.0.0, Culture=neutral, PublicKeyToken=null
  delegates: []
--- !u!114 &46961071
MonoBehaviour:
  m_ObjectHideFlags: 0
  m_PrefabParentObject: {fileID: 114095882139794862, guid: 749cee5392e4f6e468dcb88c493a693c,
    type: 2}
  m_PrefabInternal: {fileID: 0}
  m_GameObject: {fileID: 46961068}
  m_Enabled: 1
  m_EditorHideFlags: 0
  m_Script: {fileID: 11500000, guid: 739800cd36aba44e9b04ce977e5784bd, type: 3}
  m_Name: 
  m_EditorClassIdentifier: 
  drawDebugRays: 0
  ignoreReversedGraphics: 1
  blockingObjects: 0
  blockingMask:
    serializedVersion: 2
    m_Bits: 0
--- !u!223 &46961072
Canvas:
  m_ObjectHideFlags: 0
  m_PrefabParentObject: {fileID: 223738711123485674, guid: 749cee5392e4f6e468dcb88c493a693c,
    type: 2}
  m_PrefabInternal: {fileID: 0}
  m_GameObject: {fileID: 46961068}
  m_Enabled: 1
  serializedVersion: 3
  m_RenderMode: 2
  m_Camera: {fileID: 0}
  m_PlaneDistance: 100
  m_PixelPerfect: 0
  m_ReceivesEvents: 1
  m_OverrideSorting: 0
  m_OverridePixelPerfect: 0
  m_SortingBucketNormalizedSize: 0
  m_AdditionalShaderChannelsFlag: 25
  m_SortingLayerID: 0
  m_SortingOrder: 1
  m_TargetDisplay: 0
--- !u!1001 &74536966
Prefab:
  m_ObjectHideFlags: 0
  serializedVersion: 2
  m_Modification:
    m_TransformParent: {fileID: 2137317925}
    m_Modifications:
    - target: {fileID: 482300, guid: 60270cf52a5e94998a5a335989159738, type: 2}
      propertyPath: m_LocalPosition.x
      value: 0
      objectReference: {fileID: 0}
    - target: {fileID: 482300, guid: 60270cf52a5e94998a5a335989159738, type: 2}
      propertyPath: m_LocalPosition.y
      value: 0
      objectReference: {fileID: 0}
    - target: {fileID: 482300, guid: 60270cf52a5e94998a5a335989159738, type: 2}
      propertyPath: m_LocalPosition.z
      value: 0
      objectReference: {fileID: 0}
    - target: {fileID: 482300, guid: 60270cf52a5e94998a5a335989159738, type: 2}
      propertyPath: m_LocalRotation.x
      value: 0
      objectReference: {fileID: 0}
    - target: {fileID: 482300, guid: 60270cf52a5e94998a5a335989159738, type: 2}
      propertyPath: m_LocalRotation.y
      value: 0
      objectReference: {fileID: 0}
    - target: {fileID: 482300, guid: 60270cf52a5e94998a5a335989159738, type: 2}
      propertyPath: m_LocalRotation.z
      value: 0
      objectReference: {fileID: 0}
    - target: {fileID: 482300, guid: 60270cf52a5e94998a5a335989159738, type: 2}
      propertyPath: m_LocalRotation.w
      value: 1
      objectReference: {fileID: 0}
    - target: {fileID: 482300, guid: 60270cf52a5e94998a5a335989159738, type: 2}
      propertyPath: m_RootOrder
      value: 0
      objectReference: {fileID: 0}
    - target: {fileID: 723926960, guid: 60270cf52a5e94998a5a335989159738, type: 2}
      propertyPath: raycastMode
      value: 0
      objectReference: {fileID: 0}
    m_RemovedComponents: []
  m_ParentPrefab: {fileID: 100100000, guid: 60270cf52a5e94998a5a335989159738, type: 2}
  m_IsPrefabParent: 0
--- !u!1 &93149090
GameObject:
  m_ObjectHideFlags: 0
  m_PrefabParentObject: {fileID: 1825736906056486, guid: 749cee5392e4f6e468dcb88c493a693c,
    type: 2}
  m_PrefabInternal: {fileID: 0}
  serializedVersion: 5
  m_Component:
  - component: {fileID: 93149091}
  - component: {fileID: 93149093}
  - component: {fileID: 93149092}
  m_Layer: 5
  m_Name: Eye
  m_TagString: Untagged
  m_Icon: {fileID: 0}
  m_NavMeshLayer: 0
  m_StaticEditorFlags: 0
  m_IsActive: 1
--- !u!224 &93149091
RectTransform:
  m_ObjectHideFlags: 0
  m_PrefabParentObject: {fileID: 224910848022316120, guid: 749cee5392e4f6e468dcb88c493a693c,
    type: 2}
  m_PrefabInternal: {fileID: 0}
  m_GameObject: {fileID: 93149090}
  m_LocalRotation: {x: -0, y: -0, z: -0, w: 1}
  m_LocalPosition: {x: 0, y: 0, z: 0}
  m_LocalScale: {x: 1, y: 1, z: 1}
  m_Children: []
  m_Father: {fileID: 664334478}
  m_RootOrder: 3
  m_LocalEulerAnglesHint: {x: 0, y: 0, z: 0}
  m_AnchorMin: {x: 0, y: 0}
  m_AnchorMax: {x: 1, y: 1}
  m_AnchoredPosition: {x: 0, y: -0.000002861023}
  m_SizeDelta: {x: 0, y: 0}
  m_Pivot: {x: 0.5, y: 0.5}
--- !u!114 &93149092
MonoBehaviour:
  m_ObjectHideFlags: 0
  m_PrefabParentObject: {fileID: 114715586352344856, guid: 749cee5392e4f6e468dcb88c493a693c,
    type: 2}
  m_PrefabInternal: {fileID: 0}
  m_GameObject: {fileID: 93149090}
  m_Enabled: 1
  m_EditorHideFlags: 0
  m_Script: {fileID: -765806418, guid: f5f67c52d1564df4a8936ccd202a3bd8, type: 3}
  m_Name: 
  m_EditorClassIdentifier: 
  m_Material: {fileID: 0}
  m_Color: {r: 1, g: 1, b: 1, a: 1}
  m_RaycastTarget: 1
  m_OnCullStateChanged:
    m_PersistentCalls:
      m_Calls: []
    m_TypeName: UnityEngine.UI.MaskableGraphic+CullStateChangedEvent, UnityEngine.UI,
      Version=1.0.0.0, Culture=neutral, PublicKeyToken=null
  m_Sprite: {fileID: 21300000, guid: 971e206b2ec047349bf6fea84168368a, type: 3}
  m_Type: 0
  m_PreserveAspect: 1
  m_FillCenter: 1
  m_FillMethod: 4
  m_FillAmount: 1
  m_FillClockwise: 1
  m_FillOrigin: 0
--- !u!222 &93149093
CanvasRenderer:
  m_ObjectHideFlags: 0
  m_PrefabParentObject: {fileID: 222737171170627740, guid: 749cee5392e4f6e468dcb88c493a693c,
    type: 2}
  m_PrefabInternal: {fileID: 0}
  m_GameObject: {fileID: 93149090}
--- !u!1 &269050868
GameObject:
  m_ObjectHideFlags: 0
  m_PrefabParentObject: {fileID: 1097216414934326, guid: 749cee5392e4f6e468dcb88c493a693c,
    type: 2}
  m_PrefabInternal: {fileID: 0}
  serializedVersion: 5
  m_Component:
  - component: {fileID: 269050869}
  - component: {fileID: 269050871}
  - component: {fileID: 269050872}
  - component: {fileID: 269050870}
  m_Layer: 5
  m_Name: MessageText
  m_TagString: Untagged
  m_Icon: {fileID: 0}
  m_NavMeshLayer: 0
  m_StaticEditorFlags: 0
  m_IsActive: 1
--- !u!224 &269050869
RectTransform:
  m_ObjectHideFlags: 0
  m_PrefabParentObject: {fileID: 224781933744235750, guid: 749cee5392e4f6e468dcb88c493a693c,
    type: 2}
  m_PrefabInternal: {fileID: 0}
  m_GameObject: {fileID: 269050868}
  m_LocalRotation: {x: 0, y: 0, z: 0, w: 1}
  m_LocalPosition: {x: 0, y: 0, z: 0}
  m_LocalScale: {x: 1, y: 1, z: 1}
  m_Children: []
  m_Father: {fileID: 560510594}
  m_RootOrder: 1
  m_LocalEulerAnglesHint: {x: 0, y: 0, z: 0}
  m_AnchorMin: {x: 0, y: 0}
  m_AnchorMax: {x: 1, y: 1}
  m_AnchoredPosition: {x: -53.8, y: 2.98}
  m_SizeDelta: {x: -211.55, y: -47.5}
  m_Pivot: {x: 0.5, y: 0.5}
--- !u!114 &269050870
MonoBehaviour:
  m_ObjectHideFlags: 0
  m_PrefabParentObject: {fileID: 114406513248988368, guid: 749cee5392e4f6e468dcb88c493a693c,
    type: 2}
  m_PrefabInternal: {fileID: 0}
  m_GameObject: {fileID: 269050868}
  m_Enabled: 1
  m_EditorHideFlags: 0
  m_Script: {fileID: -900027084, guid: f70555f144d8491a825f0804e09c671c, type: 3}
  m_Name: 
  m_EditorClassIdentifier: 
  m_EffectColor: {r: 1, g: 1, b: 1, a: 0.5}
  m_EffectDistance: {x: 1, y: -1}
  m_UseGraphicAlpha: 1
--- !u!222 &269050871
CanvasRenderer:
  m_ObjectHideFlags: 0
  m_PrefabParentObject: {fileID: 222934720746616598, guid: 749cee5392e4f6e468dcb88c493a693c,
    type: 2}
  m_PrefabInternal: {fileID: 0}
  m_GameObject: {fileID: 269050868}
--- !u!114 &269050872
MonoBehaviour:
  m_ObjectHideFlags: 0
  m_PrefabParentObject: {fileID: 114829001640929956, guid: 749cee5392e4f6e468dcb88c493a693c,
    type: 2}
  m_PrefabInternal: {fileID: 0}
  m_GameObject: {fileID: 269050868}
  m_Enabled: 1
  m_EditorHideFlags: 0
  m_Script: {fileID: 708705254, guid: f5f67c52d1564df4a8936ccd202a3bd8, type: 3}
  m_Name: 
  m_EditorClassIdentifier: 
  m_Material: {fileID: 0}
  m_Color: {r: 0.14705884, g: 0.14705884, b: 0.14705884, a: 1}
  m_RaycastTarget: 1
  m_OnCullStateChanged:
    m_PersistentCalls:
      m_Calls: []
    m_TypeName: UnityEngine.UI.MaskableGraphic+CullStateChangedEvent, UnityEngine.UI,
      Version=1.0.0.0, Culture=neutral, PublicKeyToken=null
  m_FontData:
    m_Font: {fileID: 12800000, guid: ea38ac844d5b16b4da3597dd71f88d38, type: 3}
    m_FontSize: 18
    m_FontStyle: 2
    m_BestFit: 0
    m_MinSize: 10
    m_MaxSize: 40
    m_Alignment: 0
    m_AlignByGeometry: 0
    m_RichText: 1
    m_HorizontalOverflow: 0
    m_VerticalOverflow: 0
    m_LineSpacing: 1
  m_Text: A) Hoe gaat het met je?
--- !u!1 &395742320
GameObject:
  m_ObjectHideFlags: 0
  m_PrefabParentObject: {fileID: 1499240034666330, guid: 749cee5392e4f6e468dcb88c493a693c,
    type: 2}
  m_PrefabInternal: {fileID: 0}
  serializedVersion: 5
  m_Component:
  - component: {fileID: 395742322}
  - component: {fileID: 395742321}
  m_Layer: 0
  m_Name: Question
  m_TagString: Untagged
  m_Icon: {fileID: 0}
  m_NavMeshLayer: 0
  m_StaticEditorFlags: 0
  m_IsActive: 1
--- !u!114 &395742321
MonoBehaviour:
  m_ObjectHideFlags: 0
  m_PrefabParentObject: {fileID: 114045881523499932, guid: 749cee5392e4f6e468dcb88c493a693c,
    type: 2}
  m_PrefabInternal: {fileID: 0}
  m_GameObject: {fileID: 395742320}
  m_Enabled: 1
  m_EditorHideFlags: 0
  m_Script: {fileID: 11500000, guid: 22041c49ef8e4c9469d9f1bbb85e8316, type: 3}
  m_Name: 
  m_EditorClassIdentifier: 
  answers: []
  overlayObject: {fileID: 0}
  overlayPrefab: {fileID: 114952, guid: fecaeb281a733044cadbab4aad0a7b38, type: 2}
  cameraObject: {fileID: 0}
--- !u!4 &395742322
Transform:
  m_ObjectHideFlags: 0
  m_PrefabParentObject: {fileID: 4693002541631616, guid: 749cee5392e4f6e468dcb88c493a693c,
    type: 2}
  m_PrefabInternal: {fileID: 0}
  m_GameObject: {fileID: 395742320}
  m_LocalRotation: {x: 0, y: 0.7071068, z: 0, w: 0.7071068}
  m_LocalPosition: {x: 2.7, y: 0, z: 0}
  m_LocalScale: {x: 1, y: 1, z: 1}
  m_Children:
  - {fileID: 560510594}
  - {fileID: 664334478}
  m_Father: {fileID: 0}
  m_RootOrder: 5
  m_LocalEulerAnglesHint: {x: 0, y: 90, z: 0}
--- !u!1 &453739244
GameObject:
  m_ObjectHideFlags: 0
  m_PrefabParentObject: {fileID: 1817720020268432, guid: 749cee5392e4f6e468dcb88c493a693c,
    type: 2}
  m_PrefabInternal: {fileID: 0}
  serializedVersion: 5
  m_Component:
  - component: {fileID: 453739245}
  - component: {fileID: 453739247}
  - component: {fileID: 453739246}
  m_Layer: 5
  m_Name: Text
  m_TagString: Untagged
  m_Icon: {fileID: 0}
  m_NavMeshLayer: 0
  m_StaticEditorFlags: 0
  m_IsActive: 1
--- !u!224 &453739245
RectTransform:
  m_ObjectHideFlags: 0
  m_PrefabParentObject: {fileID: 224858408142715792, guid: 749cee5392e4f6e468dcb88c493a693c,
    type: 2}
  m_PrefabInternal: {fileID: 0}
  m_GameObject: {fileID: 453739244}
  m_LocalRotation: {x: 0, y: 0, z: 0, w: 1}
  m_LocalPosition: {x: 0, y: 0, z: 0}
  m_LocalScale: {x: 1, y: 1, z: 1}
  m_Children: []
  m_Father: {fileID: 954038514}
  m_RootOrder: 0
  m_LocalEulerAnglesHint: {x: 0, y: 0, z: 0}
  m_AnchorMin: {x: 0.5, y: 0.5}
  m_AnchorMax: {x: 0.5, y: 0.5}
  m_AnchoredPosition: {x: 0.0000038147, y: -16.9}
  m_SizeDelta: {x: 98.81, y: 20.1}
  m_Pivot: {x: 0.5, y: 0.5}
--- !u!114 &453739246
MonoBehaviour:
  m_ObjectHideFlags: 0
  m_PrefabParentObject: {fileID: 114346647314728828, guid: 749cee5392e4f6e468dcb88c493a693c,
    type: 2}
  m_PrefabInternal: {fileID: 0}
  m_GameObject: {fileID: 453739244}
  m_Enabled: 1
  m_EditorHideFlags: 0
  m_Script: {fileID: 708705254, guid: f70555f144d8491a825f0804e09c671c, type: 3}
  m_Name: 
  m_EditorClassIdentifier: 
  m_Material: {fileID: 0}
  m_Color: {r: 0.19607843, g: 0.19607843, b: 0.19607843, a: 1}
  m_RaycastTarget: 1
  m_OnCullStateChanged:
    m_PersistentCalls:
      m_Calls: []
    m_TypeName: UnityEngine.UI.MaskableGraphic+CullStateChangedEvent, UnityEngine.UI,
      Version=1.0.0.0, Culture=neutral, PublicKeyToken=null
  m_FontData:
    m_Font: {fileID: 12800000, guid: ea38ac844d5b16b4da3597dd71f88d38, type: 3}
    m_FontSize: 14
    m_FontStyle: 0
    m_BestFit: 0
    m_MinSize: 10
    m_MaxSize: 40
    m_Alignment: 4
    m_AlignByGeometry: 0
    m_RichText: 1
    m_HorizontalOverflow: 0
    m_VerticalOverflow: 0
    m_LineSpacing: 1
  m_Text: Kies antwoord
--- !u!222 &453739247
CanvasRenderer:
  m_ObjectHideFlags: 0
  m_PrefabParentObject: {fileID: 222001339730233154, guid: 749cee5392e4f6e468dcb88c493a693c,
    type: 2}
  m_PrefabInternal: {fileID: 0}
  m_GameObject: {fileID: 453739244}
--- !u!1 &560510592
GameObject:
  m_ObjectHideFlags: 0
  m_PrefabParentObject: {fileID: 1478108935874514, guid: 749cee5392e4f6e468dcb88c493a693c,
    type: 2}
  m_PrefabInternal: {fileID: 0}
  serializedVersion: 5
  m_Component:
  - component: {fileID: 560510594}
  - component: {fileID: 560510593}
  - component: {fileID: 560510598}
  - component: {fileID: 560510597}
  - component: {fileID: 560510596}
  - component: {fileID: 560510595}
  - component: {fileID: 560510599}
  m_Layer: 5
  m_Name: AnswerOption A
  m_TagString: Untagged
  m_Icon: {fileID: 0}
  m_NavMeshLayer: 0
  m_StaticEditorFlags: 0
  m_IsActive: 1
--- !u!114 &560510593
MonoBehaviour:
  m_ObjectHideFlags: 0
  m_PrefabParentObject: {fileID: 114442603044864200, guid: 749cee5392e4f6e468dcb88c493a693c,
    type: 2}
  m_PrefabInternal: {fileID: 0}
  m_GameObject: {fileID: 560510592}
  m_Enabled: 1
  m_EditorHideFlags: 0
  m_Script: {fileID: 11500000, guid: 5dba6c190602c074195c928f65fd1a59, type: 3}
  m_Name: 
  m_EditorClassIdentifier: 
  audioClip: {fileID: 8300000, guid: 285021193436e24479003d46acf0e554, type: 3}
  answerType: 1
  startFill: 0
  answerText: A) Sorry, dat was niet de bedoeling.
  sceneToLoad: 5.6.A
  questionText: {fileID: 269050872}
  feedback: Het is niet juist geweest om het nieuws op deze manier te brengen. Je
    ziet dat je gesprekspartner dit op dat moment niet kan waarderen. Het brengen
    van excuses helpt wel om het gesprek te vervolgen.
  fillBar: {fileID: 1463617873}
--- !u!224 &560510594
RectTransform:
  m_ObjectHideFlags: 0
  m_PrefabParentObject: {fileID: 224070061619457902, guid: 749cee5392e4f6e468dcb88c493a693c,
    type: 2}
  m_PrefabInternal: {fileID: 0}
  m_GameObject: {fileID: 560510592}
  m_LocalRotation: {x: -0, y: -0, z: -0, w: 1}
  m_LocalPosition: {x: 0, y: 0, z: 2.9}
  m_LocalScale: {x: 0.01, y: 0.01, z: 0.01}
  m_Children:
  - {fileID: 633318601}
  - {fileID: 269050869}
  - {fileID: 792828102}
  - {fileID: 858838644}
  - {fileID: 46961069}
  m_Father: {fileID: 395742322}
  m_RootOrder: 0
  m_LocalEulerAnglesHint: {x: 0, y: 0, z: 0}
  m_AnchorMin: {x: 0, y: 0}
  m_AnchorMax: {x: 0, y: 0}
  m_AnchoredPosition: {x: 0.0000022835957, y: 1.2}
  m_SizeDelta: {x: 450, y: 100}
  m_Pivot: {x: 0.5, y: 0.5}
--- !u!114 &560510595
MonoBehaviour:
  m_ObjectHideFlags: 0
  m_PrefabParentObject: {fileID: 114455584083669458, guid: 749cee5392e4f6e468dcb88c493a693c,
    type: 2}
  m_PrefabInternal: {fileID: 0}
  m_GameObject: {fileID: 560510592}
  m_Enabled: 1
  m_EditorHideFlags: 0
  m_Script: {fileID: -1862395651, guid: f70555f144d8491a825f0804e09c671c, type: 3}
  m_Name: 
  m_EditorClassIdentifier: 
  m_Delegates:
  - eventID: 0
    callback:
      m_PersistentCalls:
        m_Calls:
        - m_Target: {fileID: 560510593}
          m_MethodName: HighlightAnswer
          m_Mode: 1
          m_Arguments:
            m_ObjectArgument: {fileID: 0}
            m_ObjectArgumentAssemblyTypeName: UnityEngine.Object, UnityEngine
            m_IntArgument: 0
            m_FloatArgument: 0
            m_StringArgument: 
            m_BoolArgument: 0
          m_CallState: 2
      m_TypeName: UnityEngine.EventSystems.EventTrigger+TriggerEvent, UnityEngine.UI,
        Version=1.0.0.0, Culture=neutral, PublicKeyToken=null
  - eventID: 1
    callback:
      m_PersistentCalls:
        m_Calls:
        - m_Target: {fileID: 560510593}
          m_MethodName: UnHightlightAnswer
          m_Mode: 1
          m_Arguments:
            m_ObjectArgument: {fileID: 0}
            m_ObjectArgumentAssemblyTypeName: UnityEngine.Object, UnityEngine
            m_IntArgument: 0
            m_FloatArgument: 0
            m_StringArgument: 
            m_BoolArgument: 0
          m_CallState: 2
      m_TypeName: UnityEngine.EventSystems.EventTrigger+TriggerEvent, UnityEngine.UI,
        Version=1.0.0.0, Culture=neutral, PublicKeyToken=null
  delegates: []
--- !u!114 &560510596
MonoBehaviour:
  m_ObjectHideFlags: 0
  m_PrefabParentObject: {fileID: 114493569577217322, guid: 749cee5392e4f6e468dcb88c493a693c,
    type: 2}
  m_PrefabInternal: {fileID: 0}
  m_GameObject: {fileID: 560510592}
  m_Enabled: 1
  m_EditorHideFlags: 0
  m_Script: {fileID: 11500000, guid: 739800cd36aba44e9b04ce977e5784bd, type: 3}
  m_Name: 
  m_EditorClassIdentifier: 
  drawDebugRays: 0
  ignoreReversedGraphics: 1
  blockingObjects: 0
  blockingMask:
    serializedVersion: 2
    m_Bits: 0
--- !u!114 &560510597
MonoBehaviour:
  m_ObjectHideFlags: 0
  m_PrefabParentObject: {fileID: 114098838501685214, guid: 749cee5392e4f6e468dcb88c493a693c,
    type: 2}
  m_PrefabInternal: {fileID: 0}
  m_GameObject: {fileID: 560510592}
  m_Enabled: 1
  m_EditorHideFlags: 0
  m_Script: {fileID: 1980459831, guid: f5f67c52d1564df4a8936ccd202a3bd8, type: 3}
  m_Name: 
  m_EditorClassIdentifier: 
  m_UiScaleMode: 0
  m_ReferencePixelsPerUnit: 100
  m_ScaleFactor: 1
  m_ReferenceResolution: {x: 800, y: 600}
  m_ScreenMatchMode: 0
  m_MatchWidthOrHeight: 0
  m_PhysicalUnit: 3
  m_FallbackScreenDPI: 96
  m_DefaultSpriteDPI: 96
  m_DynamicPixelsPerUnit: 1
--- !u!223 &560510598
Canvas:
  m_ObjectHideFlags: 0
  m_PrefabParentObject: {fileID: 223572710250539926, guid: 749cee5392e4f6e468dcb88c493a693c,
    type: 2}
  m_PrefabInternal: {fileID: 0}
  m_GameObject: {fileID: 560510592}
  m_Enabled: 1
  serializedVersion: 3
  m_RenderMode: 2
  m_Camera: {fileID: 0}
  m_PlaneDistance: 100
  m_PixelPerfect: 0
  m_ReceivesEvents: 1
  m_OverrideSorting: 0
  m_OverridePixelPerfect: 0
  m_SortingBucketNormalizedSize: 0
  m_AdditionalShaderChannelsFlag: 25
  m_SortingLayerID: 0
  m_SortingOrder: 0
  m_TargetDisplay: 0
--- !u!82 &560510599
AudioSource:
  m_ObjectHideFlags: 0
  m_PrefabParentObject: {fileID: 0}
  m_PrefabInternal: {fileID: 0}
  m_GameObject: {fileID: 560510592}
  m_Enabled: 1
  serializedVersion: 4
  OutputAudioMixerGroup: {fileID: 0}
  m_audioClip: {fileID: 0}
  m_PlayOnAwake: 1
  m_Volume: 1
  m_Pitch: 1
  Loop: 0
  Mute: 0
  Spatialize: 0
  SpatializePostEffects: 0
  Priority: 128
  DopplerLevel: 1
  MinDistance: 1
  MaxDistance: 500
  Pan2D: 0
  rolloffMode: 0
  BypassEffects: 0
  BypassListenerEffects: 0
  BypassReverbZones: 0
  rolloffCustomCurve:
    serializedVersion: 2
    m_Curve:
    - serializedVersion: 2
      time: 0
      value: 1
      inSlope: 0
      outSlope: 0
      tangentMode: 0
    - serializedVersion: 2
      time: 1
      value: 0
      inSlope: 0
      outSlope: 0
      tangentMode: 0
    m_PreInfinity: 2
    m_PostInfinity: 2
    m_RotationOrder: 4
  panLevelCustomCurve:
    serializedVersion: 2
    m_Curve:
    - serializedVersion: 2
      time: 0
      value: 0
      inSlope: 0
      outSlope: 0
      tangentMode: 0
    m_PreInfinity: 2
    m_PostInfinity: 2
    m_RotationOrder: 0
  spreadCustomCurve:
    serializedVersion: 2
    m_Curve:
    - serializedVersion: 2
      time: 0
      value: 0
      inSlope: 0
      outSlope: 0
      tangentMode: 0
    m_PreInfinity: 2
    m_PostInfinity: 2
    m_RotationOrder: 0
  reverbZoneMixCustomCurve:
    serializedVersion: 2
    m_Curve:
    - serializedVersion: 2
      time: 0
      value: 1
      inSlope: 0
      outSlope: 0
      tangentMode: 0
    m_PreInfinity: 2
    m_PostInfinity: 2
    m_RotationOrder: 0
--- !u!1 &633318600
GameObject:
  m_ObjectHideFlags: 0
  m_PrefabParentObject: {fileID: 1709017120004474, guid: 749cee5392e4f6e468dcb88c493a693c,
    type: 2}
  m_PrefabInternal: {fileID: 0}
  serializedVersion: 5
  m_Component:
  - component: {fileID: 633318601}
  - component: {fileID: 633318603}
  - component: {fileID: 633318602}
  m_Layer: 5
  m_Name: Background
  m_TagString: Untagged
  m_Icon: {fileID: 0}
  m_NavMeshLayer: 0
  m_StaticEditorFlags: 0
  m_IsActive: 1
--- !u!224 &633318601
RectTransform:
  m_ObjectHideFlags: 0
  m_PrefabParentObject: {fileID: 224285491186195312, guid: 749cee5392e4f6e468dcb88c493a693c,
    type: 2}
  m_PrefabInternal: {fileID: 0}
  m_GameObject: {fileID: 633318600}
  m_LocalRotation: {x: 0, y: 0, z: 0, w: 1}
  m_LocalPosition: {x: 0, y: 0, z: 0}
  m_LocalScale: {x: 1, y: 1, z: 1}
  m_Children: []
  m_Father: {fileID: 560510594}
  m_RootOrder: 0
  m_LocalEulerAnglesHint: {x: 0, y: 0, z: 0}
  m_AnchorMin: {x: 0, y: 0}
  m_AnchorMax: {x: 1, y: 1}
  m_AnchoredPosition: {x: 0, y: 0}
  m_SizeDelta: {x: 0, y: 0}
  m_Pivot: {x: 0.5, y: 0.5}
--- !u!114 &633318602
MonoBehaviour:
  m_ObjectHideFlags: 0
  m_PrefabParentObject: {fileID: 114059430971904390, guid: 749cee5392e4f6e468dcb88c493a693c,
    type: 2}
  m_PrefabInternal: {fileID: 0}
  m_GameObject: {fileID: 633318600}
  m_Enabled: 1
  m_EditorHideFlags: 0
  m_Script: {fileID: -765806418, guid: f5f67c52d1564df4a8936ccd202a3bd8, type: 3}
  m_Name: 
  m_EditorClassIdentifier: 
  m_Material: {fileID: 0}
  m_Color: {r: 1, g: 1, b: 1, a: 1}
  m_RaycastTarget: 1
  m_OnCullStateChanged:
    m_PersistentCalls:
      m_Calls: []
    m_TypeName: UnityEngine.UI.MaskableGraphic+CullStateChangedEvent, UnityEngine.UI,
      Version=1.0.0.0, Culture=neutral, PublicKeyToken=null
  m_Sprite: {fileID: 21300000, guid: d695d16e08dee5f46bc4c1ba52665ff0, type: 3}
  m_Type: 0
  m_PreserveAspect: 1
  m_FillCenter: 1
  m_FillMethod: 4
  m_FillAmount: 1
  m_FillClockwise: 1
  m_FillOrigin: 0
--- !u!222 &633318603
CanvasRenderer:
  m_ObjectHideFlags: 0
  m_PrefabParentObject: {fileID: 222279095756301648, guid: 749cee5392e4f6e468dcb88c493a693c,
    type: 2}
  m_PrefabInternal: {fileID: 0}
  m_GameObject: {fileID: 633318600}
--- !u!1 &664334476
GameObject:
  m_ObjectHideFlags: 0
  m_PrefabParentObject: {fileID: 1868827191681918, guid: 749cee5392e4f6e468dcb88c493a693c,
    type: 2}
  m_PrefabInternal: {fileID: 0}
  serializedVersion: 5
  m_Component:
  - component: {fileID: 664334478}
  - component: {fileID: 664334477}
  - component: {fileID: 664334482}
  - component: {fileID: 664334481}
  - component: {fileID: 664334480}
  - component: {fileID: 664334479}
  - component: {fileID: 664334483}
  m_Layer: 5
  m_Name: AnswerOption B
  m_TagString: Untagged
  m_Icon: {fileID: 0}
  m_NavMeshLayer: 0
  m_StaticEditorFlags: 0
  m_IsActive: 1
--- !u!114 &664334477
MonoBehaviour:
  m_ObjectHideFlags: 0
  m_PrefabParentObject: {fileID: 114823193158173010, guid: 749cee5392e4f6e468dcb88c493a693c,
    type: 2}
  m_PrefabInternal: {fileID: 0}
  m_GameObject: {fileID: 664334476}
  m_Enabled: 1
  m_EditorHideFlags: 0
  m_Script: {fileID: 11500000, guid: 5dba6c190602c074195c928f65fd1a59, type: 3}
  m_Name: 
  m_EditorClassIdentifier: 
  audioClip: {fileID: 8300000, guid: 285021193436e24479003d46acf0e554, type: 3}
  answerType: 2
  startFill: 0
  answerText: B) Ik vind dat u nogal overdrijft.
  sceneToLoad: 5.6.B
  questionText: {fileID: 1557495835}
  feedback: Elke gesprekspartner kan anders reageren op het ontvangen van slecht nieuws.
    Het is belangrijk om hier rekening mee te houden en niet te veroordelen. Je gesprekspartner
    reageert hier heel sterk op begint te dreigen.
  fillBar: {fileID: 2146657263}
--- !u!224 &664334478
RectTransform:
  m_ObjectHideFlags: 0
  m_PrefabParentObject: {fileID: 224231245006945838, guid: 749cee5392e4f6e468dcb88c493a693c,
    type: 2}
  m_PrefabInternal: {fileID: 0}
  m_GameObject: {fileID: 664334476}
  m_LocalRotation: {x: -0, y: -0, z: -0, w: 1}
  m_LocalPosition: {x: 0, y: 0, z: 2.9}
  m_LocalScale: {x: 0.01, y: 0.01, z: 0.01}
  m_Children:
  - {fileID: 856353897}
  - {fileID: 1557495832}
  - {fileID: 954038514}
  - {fileID: 93149091}
  - {fileID: 1951470600}
  m_Father: {fileID: 395742322}
  m_RootOrder: 1
  m_LocalEulerAnglesHint: {x: 0, y: 0, z: 0}
  m_AnchorMin: {x: 0, y: 0}
  m_AnchorMax: {x: 0, y: 0}
  m_AnchoredPosition: {x: 0.0000022835957, y: 0}
  m_SizeDelta: {x: 450, y: 100}
  m_Pivot: {x: 0.5, y: 0.5}
--- !u!114 &664334479
MonoBehaviour:
  m_ObjectHideFlags: 0
  m_PrefabParentObject: {fileID: 114660690490956668, guid: 749cee5392e4f6e468dcb88c493a693c,
    type: 2}
  m_PrefabInternal: {fileID: 0}
  m_GameObject: {fileID: 664334476}
  m_Enabled: 1
  m_EditorHideFlags: 0
  m_Script: {fileID: -1862395651, guid: f70555f144d8491a825f0804e09c671c, type: 3}
  m_Name: 
  m_EditorClassIdentifier: 
  m_Delegates:
  - eventID: 0
    callback:
      m_PersistentCalls:
        m_Calls:
        - m_Target: {fileID: 664334477}
          m_MethodName: HighlightAnswer
          m_Mode: 1
          m_Arguments:
            m_ObjectArgument: {fileID: 0}
            m_ObjectArgumentAssemblyTypeName: UnityEngine.Object, UnityEngine
            m_IntArgument: 0
            m_FloatArgument: 0
            m_StringArgument: 
            m_BoolArgument: 0
          m_CallState: 2
      m_TypeName: UnityEngine.EventSystems.EventTrigger+TriggerEvent, UnityEngine.UI,
        Version=1.0.0.0, Culture=neutral, PublicKeyToken=null
  - eventID: 1
    callback:
      m_PersistentCalls:
        m_Calls:
        - m_Target: {fileID: 664334477}
          m_MethodName: UnHightlightAnswer
          m_Mode: 1
          m_Arguments:
            m_ObjectArgument: {fileID: 0}
            m_ObjectArgumentAssemblyTypeName: UnityEngine.Object, UnityEngine
            m_IntArgument: 0
            m_FloatArgument: 0
            m_StringArgument: 
            m_BoolArgument: 0
          m_CallState: 2
      m_TypeName: UnityEngine.EventSystems.EventTrigger+TriggerEvent, UnityEngine.UI,
        Version=1.0.0.0, Culture=neutral, PublicKeyToken=null
  delegates: []
--- !u!114 &664334480
MonoBehaviour:
  m_ObjectHideFlags: 0
  m_PrefabParentObject: {fileID: 114778670629752272, guid: 749cee5392e4f6e468dcb88c493a693c,
    type: 2}
  m_PrefabInternal: {fileID: 0}
  m_GameObject: {fileID: 664334476}
  m_Enabled: 1
  m_EditorHideFlags: 0
  m_Script: {fileID: 11500000, guid: 739800cd36aba44e9b04ce977e5784bd, type: 3}
  m_Name: 
  m_EditorClassIdentifier: 
  drawDebugRays: 0
  ignoreReversedGraphics: 1
  blockingObjects: 0
  blockingMask:
    serializedVersion: 2
    m_Bits: 0
--- !u!114 &664334481
MonoBehaviour:
  m_ObjectHideFlags: 0
  m_PrefabParentObject: {fileID: 114764245056693142, guid: 749cee5392e4f6e468dcb88c493a693c,
    type: 2}
  m_PrefabInternal: {fileID: 0}
  m_GameObject: {fileID: 664334476}
  m_Enabled: 1
  m_EditorHideFlags: 0
  m_Script: {fileID: 1980459831, guid: f5f67c52d1564df4a8936ccd202a3bd8, type: 3}
  m_Name: 
  m_EditorClassIdentifier: 
  m_UiScaleMode: 0
  m_ReferencePixelsPerUnit: 100
  m_ScaleFactor: 1
  m_ReferenceResolution: {x: 800, y: 600}
  m_ScreenMatchMode: 0
  m_MatchWidthOrHeight: 0
  m_PhysicalUnit: 3
  m_FallbackScreenDPI: 96
  m_DefaultSpriteDPI: 96
  m_DynamicPixelsPerUnit: 1
--- !u!223 &664334482
Canvas:
  m_ObjectHideFlags: 0
  m_PrefabParentObject: {fileID: 223493524996133202, guid: 749cee5392e4f6e468dcb88c493a693c,
    type: 2}
  m_PrefabInternal: {fileID: 0}
  m_GameObject: {fileID: 664334476}
  m_Enabled: 1
  serializedVersion: 3
  m_RenderMode: 2
  m_Camera: {fileID: 0}
  m_PlaneDistance: 100
  m_PixelPerfect: 0
  m_ReceivesEvents: 1
  m_OverrideSorting: 0
  m_OverridePixelPerfect: 0
  m_SortingBucketNormalizedSize: 0
  m_AdditionalShaderChannelsFlag: 25
  m_SortingLayerID: 0
  m_SortingOrder: 0
  m_TargetDisplay: 0
--- !u!82 &664334483
AudioSource:
  m_ObjectHideFlags: 0
  m_PrefabParentObject: {fileID: 0}
  m_PrefabInternal: {fileID: 0}
  m_GameObject: {fileID: 664334476}
  m_Enabled: 1
  serializedVersion: 4
  OutputAudioMixerGroup: {fileID: 0}
  m_audioClip: {fileID: 0}
  m_PlayOnAwake: 1
  m_Volume: 1
  m_Pitch: 1
  Loop: 0
  Mute: 0
  Spatialize: 0
  SpatializePostEffects: 0
  Priority: 128
  DopplerLevel: 1
  MinDistance: 1
  MaxDistance: 500
  Pan2D: 0
  rolloffMode: 0
  BypassEffects: 0
  BypassListenerEffects: 0
  BypassReverbZones: 0
  rolloffCustomCurve:
    serializedVersion: 2
    m_Curve:
    - serializedVersion: 2
      time: 0
      value: 1
      inSlope: 0
      outSlope: 0
      tangentMode: 0
    - serializedVersion: 2
      time: 1
      value: 0
      inSlope: 0
      outSlope: 0
      tangentMode: 0
    m_PreInfinity: 2
    m_PostInfinity: 2
    m_RotationOrder: 4
  panLevelCustomCurve:
    serializedVersion: 2
    m_Curve:
    - serializedVersion: 2
      time: 0
      value: 0
      inSlope: 0
      outSlope: 0
      tangentMode: 0
    m_PreInfinity: 2
    m_PostInfinity: 2
    m_RotationOrder: 0
  spreadCustomCurve:
    serializedVersion: 2
    m_Curve:
    - serializedVersion: 2
      time: 0
      value: 0
      inSlope: 0
      outSlope: 0
      tangentMode: 0
    m_PreInfinity: 2
    m_PostInfinity: 2
    m_RotationOrder: 0
  reverbZoneMixCustomCurve:
    serializedVersion: 2
    m_Curve:
    - serializedVersion: 2
      time: 0
      value: 1
      inSlope: 0
      outSlope: 0
      tangentMode: 0
    m_PreInfinity: 2
    m_PostInfinity: 2
    m_RotationOrder: 0
--- !u!1001 &722367081
Prefab:
  m_ObjectHideFlags: 0
  serializedVersion: 2
  m_Modification:
    m_TransformParent: {fileID: 0}
    m_Modifications:
    - target: {fileID: 766346198, guid: 463285ecd6702471a909ba810832bf0e, type: 2}
      propertyPath: m_LocalPosition.x
      value: 0
      objectReference: {fileID: 0}
    - target: {fileID: 766346198, guid: 463285ecd6702471a909ba810832bf0e, type: 2}
      propertyPath: m_LocalPosition.y
      value: 0
      objectReference: {fileID: 0}
    - target: {fileID: 766346198, guid: 463285ecd6702471a909ba810832bf0e, type: 2}
      propertyPath: m_LocalPosition.z
      value: 0
      objectReference: {fileID: 0}
    - target: {fileID: 766346198, guid: 463285ecd6702471a909ba810832bf0e, type: 2}
      propertyPath: m_LocalRotation.x
      value: 0
      objectReference: {fileID: 0}
    - target: {fileID: 766346198, guid: 463285ecd6702471a909ba810832bf0e, type: 2}
      propertyPath: m_LocalRotation.y
      value: 0
      objectReference: {fileID: 0}
    - target: {fileID: 766346198, guid: 463285ecd6702471a909ba810832bf0e, type: 2}
      propertyPath: m_LocalRotation.z
      value: 0
      objectReference: {fileID: 0}
    - target: {fileID: 766346198, guid: 463285ecd6702471a909ba810832bf0e, type: 2}
      propertyPath: m_LocalRotation.w
      value: 1
      objectReference: {fileID: 0}
    - target: {fileID: 766346198, guid: 463285ecd6702471a909ba810832bf0e, type: 2}
      propertyPath: m_RootOrder
      value: 4
      objectReference: {fileID: 0}
    m_RemovedComponents: []
  m_ParentPrefab: {fileID: 100100000, guid: 463285ecd6702471a909ba810832bf0e, type: 2}
  m_IsPrefabParent: 0
--- !u!1 &792828101
GameObject:
  m_ObjectHideFlags: 0
  m_PrefabParentObject: {fileID: 1240128279226072, guid: 749cee5392e4f6e468dcb88c493a693c,
    type: 2}
  m_PrefabInternal: {fileID: 0}
  serializedVersion: 5
  m_Component:
  - component: {fileID: 792828102}
  - component: {fileID: 792828105}
  - component: {fileID: 792828104}
  - component: {fileID: 792828103}
  m_Layer: 5
  m_Name: Button
  m_TagString: Untagged
  m_Icon: {fileID: 0}
  m_NavMeshLayer: 0
  m_StaticEditorFlags: 0
  m_IsActive: 1
--- !u!224 &792828102
RectTransform:
  m_ObjectHideFlags: 0
  m_PrefabParentObject: {fileID: 224056734397591076, guid: 749cee5392e4f6e468dcb88c493a693c,
    type: 2}
  m_PrefabInternal: {fileID: 0}
  m_GameObject: {fileID: 792828101}
  m_LocalRotation: {x: -0, y: -0, z: -0, w: 1}
  m_LocalPosition: {x: 0, y: 0, z: 0}
  m_LocalScale: {x: 1, y: 1, z: 1}
  m_Children:
  - {fileID: 1329405247}
  m_Father: {fileID: 560510594}
  m_RootOrder: 2
  m_LocalEulerAnglesHint: {x: 0, y: 0, z: 0}
  m_AnchorMin: {x: 0, y: 0}
  m_AnchorMax: {x: 1, y: 1}
  m_AnchoredPosition: {x: 129.5, y: 1.5}
  m_SizeDelta: {x: -346, y: -37.1}
  m_Pivot: {x: 0.5, y: 0.5}
--- !u!114 &792828103
MonoBehaviour:
  m_ObjectHideFlags: 0
  m_PrefabParentObject: {fileID: 114845231199879910, guid: 749cee5392e4f6e468dcb88c493a693c,
    type: 2}
  m_PrefabInternal: {fileID: 0}
  m_GameObject: {fileID: 792828101}
  m_Enabled: 1
  m_EditorHideFlags: 0
  m_Script: {fileID: -900027084, guid: f70555f144d8491a825f0804e09c671c, type: 3}
  m_Name: 
  m_EditorClassIdentifier: 
  m_EffectColor: {r: 0.2352941, g: 0.2352941, b: 0.2352941, a: 0.5}
  m_EffectDistance: {x: 3, y: -3}
  m_UseGraphicAlpha: 1
--- !u!114 &792828104
MonoBehaviour:
  m_ObjectHideFlags: 0
  m_PrefabParentObject: {fileID: 114559943319916336, guid: 749cee5392e4f6e468dcb88c493a693c,
    type: 2}
  m_PrefabInternal: {fileID: 0}
  m_GameObject: {fileID: 792828101}
  m_Enabled: 1
  m_EditorHideFlags: 0
  m_Script: {fileID: -765806418, guid: f5f67c52d1564df4a8936ccd202a3bd8, type: 3}
  m_Name: 
  m_EditorClassIdentifier: 
  m_Material: {fileID: 0}
  m_Color: {r: 1, g: 1, b: 1, a: 1}
  m_RaycastTarget: 1
  m_OnCullStateChanged:
    m_PersistentCalls:
      m_Calls: []
    m_TypeName: UnityEngine.UI.MaskableGraphic+CullStateChangedEvent, UnityEngine.UI,
      Version=1.0.0.0, Culture=neutral, PublicKeyToken=null
  m_Sprite: {fileID: 0}
  m_Type: 0
  m_PreserveAspect: 1
  m_FillCenter: 1
  m_FillMethod: 4
  m_FillAmount: 1
  m_FillClockwise: 1
  m_FillOrigin: 0
--- !u!222 &792828105
CanvasRenderer:
  m_ObjectHideFlags: 0
  m_PrefabParentObject: {fileID: 222677166652736526, guid: 749cee5392e4f6e468dcb88c493a693c,
    type: 2}
  m_PrefabInternal: {fileID: 0}
  m_GameObject: {fileID: 792828101}
--- !u!1 &856353896
GameObject:
  m_ObjectHideFlags: 0
  m_PrefabParentObject: {fileID: 1232529819155974, guid: 749cee5392e4f6e468dcb88c493a693c,
    type: 2}
  m_PrefabInternal: {fileID: 0}
  serializedVersion: 5
  m_Component:
  - component: {fileID: 856353897}
  - component: {fileID: 856353899}
  - component: {fileID: 856353898}
  m_Layer: 5
  m_Name: Background
  m_TagString: Untagged
  m_Icon: {fileID: 0}
  m_NavMeshLayer: 0
  m_StaticEditorFlags: 0
  m_IsActive: 1
--- !u!224 &856353897
RectTransform:
  m_ObjectHideFlags: 0
  m_PrefabParentObject: {fileID: 224955904650526204, guid: 749cee5392e4f6e468dcb88c493a693c,
    type: 2}
  m_PrefabInternal: {fileID: 0}
  m_GameObject: {fileID: 856353896}
  m_LocalRotation: {x: 0, y: 0, z: 0, w: 1}
  m_LocalPosition: {x: 0, y: 0, z: 0}
  m_LocalScale: {x: 1, y: 1, z: 1}
  m_Children: []
  m_Father: {fileID: 664334478}
  m_RootOrder: 0
  m_LocalEulerAnglesHint: {x: 0, y: 0, z: 0}
  m_AnchorMin: {x: 0, y: 0}
  m_AnchorMax: {x: 1, y: 1}
  m_AnchoredPosition: {x: 0, y: 0}
  m_SizeDelta: {x: 0, y: 0}
  m_Pivot: {x: 0.5, y: 0.5}
--- !u!114 &856353898
MonoBehaviour:
  m_ObjectHideFlags: 0
  m_PrefabParentObject: {fileID: 114564153719006644, guid: 749cee5392e4f6e468dcb88c493a693c,
    type: 2}
  m_PrefabInternal: {fileID: 0}
  m_GameObject: {fileID: 856353896}
  m_Enabled: 1
  m_EditorHideFlags: 0
  m_Script: {fileID: -765806418, guid: f5f67c52d1564df4a8936ccd202a3bd8, type: 3}
  m_Name: 
  m_EditorClassIdentifier: 
  m_Material: {fileID: 0}
  m_Color: {r: 1, g: 1, b: 1, a: 1}
  m_RaycastTarget: 1
  m_OnCullStateChanged:
    m_PersistentCalls:
      m_Calls: []
    m_TypeName: UnityEngine.UI.MaskableGraphic+CullStateChangedEvent, UnityEngine.UI,
      Version=1.0.0.0, Culture=neutral, PublicKeyToken=null
  m_Sprite: {fileID: 21300000, guid: d695d16e08dee5f46bc4c1ba52665ff0, type: 3}
  m_Type: 0
  m_PreserveAspect: 1
  m_FillCenter: 1
  m_FillMethod: 4
  m_FillAmount: 1
  m_FillClockwise: 1
  m_FillOrigin: 0
--- !u!222 &856353899
CanvasRenderer:
  m_ObjectHideFlags: 0
  m_PrefabParentObject: {fileID: 222429234410068432, guid: 749cee5392e4f6e468dcb88c493a693c,
    type: 2}
  m_PrefabInternal: {fileID: 0}
  m_GameObject: {fileID: 856353896}
--- !u!1 &858838643
GameObject:
  m_ObjectHideFlags: 0
  m_PrefabParentObject: {fileID: 1097326366721474, guid: 749cee5392e4f6e468dcb88c493a693c,
    type: 2}
  m_PrefabInternal: {fileID: 0}
  serializedVersion: 5
  m_Component:
  - component: {fileID: 858838644}
  - component: {fileID: 858838646}
  - component: {fileID: 858838645}
  m_Layer: 5
  m_Name: Eye
  m_TagString: Untagged
  m_Icon: {fileID: 0}
  m_NavMeshLayer: 0
  m_StaticEditorFlags: 0
  m_IsActive: 1
--- !u!224 &858838644
RectTransform:
  m_ObjectHideFlags: 0
  m_PrefabParentObject: {fileID: 224727890549514302, guid: 749cee5392e4f6e468dcb88c493a693c,
    type: 2}
  m_PrefabInternal: {fileID: 0}
  m_GameObject: {fileID: 858838643}
  m_LocalRotation: {x: -0, y: -0, z: -0, w: 1}
  m_LocalPosition: {x: 0, y: 0, z: 0}
  m_LocalScale: {x: 1, y: 1, z: 1}
  m_Children: []
  m_Father: {fileID: 560510594}
  m_RootOrder: 3
  m_LocalEulerAnglesHint: {x: 0, y: 0, z: 0}
  m_AnchorMin: {x: 0, y: 0}
  m_AnchorMax: {x: 1, y: 1}
  m_AnchoredPosition: {x: 0, y: -0.000002861023}
  m_SizeDelta: {x: 0, y: 0}
  m_Pivot: {x: 0.5, y: 0.5}
--- !u!114 &858838645
MonoBehaviour:
  m_ObjectHideFlags: 0
  m_PrefabParentObject: {fileID: 114425904745481216, guid: 749cee5392e4f6e468dcb88c493a693c,
    type: 2}
  m_PrefabInternal: {fileID: 0}
  m_GameObject: {fileID: 858838643}
  m_Enabled: 1
  m_EditorHideFlags: 0
  m_Script: {fileID: -765806418, guid: f5f67c52d1564df4a8936ccd202a3bd8, type: 3}
  m_Name: 
  m_EditorClassIdentifier: 
  m_Material: {fileID: 0}
  m_Color: {r: 1, g: 1, b: 1, a: 1}
  m_RaycastTarget: 1
  m_OnCullStateChanged:
    m_PersistentCalls:
      m_Calls: []
    m_TypeName: UnityEngine.UI.MaskableGraphic+CullStateChangedEvent, UnityEngine.UI,
      Version=1.0.0.0, Culture=neutral, PublicKeyToken=null
  m_Sprite: {fileID: 21300000, guid: 971e206b2ec047349bf6fea84168368a, type: 3}
  m_Type: 0
  m_PreserveAspect: 1
  m_FillCenter: 1
  m_FillMethod: 4
  m_FillAmount: 1
  m_FillClockwise: 1
  m_FillOrigin: 0
--- !u!222 &858838646
CanvasRenderer:
  m_ObjectHideFlags: 0
  m_PrefabParentObject: {fileID: 222281596836683038, guid: 749cee5392e4f6e468dcb88c493a693c,
    type: 2}
  m_PrefabInternal: {fileID: 0}
  m_GameObject: {fileID: 858838643}
--- !u!1 &954038513
GameObject:
  m_ObjectHideFlags: 0
  m_PrefabParentObject: {fileID: 1514150056433478, guid: 749cee5392e4f6e468dcb88c493a693c,
    type: 2}
  m_PrefabInternal: {fileID: 0}
  serializedVersion: 5
  m_Component:
  - component: {fileID: 954038514}
  - component: {fileID: 954038517}
  - component: {fileID: 954038516}
  - component: {fileID: 954038515}
  m_Layer: 5
  m_Name: Button
  m_TagString: Untagged
  m_Icon: {fileID: 0}
  m_NavMeshLayer: 0
  m_StaticEditorFlags: 0
  m_IsActive: 1
--- !u!224 &954038514
RectTransform:
  m_ObjectHideFlags: 0
  m_PrefabParentObject: {fileID: 224078843228074932, guid: 749cee5392e4f6e468dcb88c493a693c,
    type: 2}
  m_PrefabInternal: {fileID: 0}
  m_GameObject: {fileID: 954038513}
  m_LocalRotation: {x: -0, y: -0, z: -0, w: 1}
  m_LocalPosition: {x: 0, y: 0, z: 0}
  m_LocalScale: {x: 1, y: 1, z: 1}
  m_Children:
  - {fileID: 453739245}
  m_Father: {fileID: 664334478}
  m_RootOrder: 2
  m_LocalEulerAnglesHint: {x: 0, y: 0, z: 0}
  m_AnchorMin: {x: 0, y: 0}
  m_AnchorMax: {x: 1, y: 1}
  m_AnchoredPosition: {x: 129.5, y: 1.5}
  m_SizeDelta: {x: -346, y: -37.1}
  m_Pivot: {x: 0.5, y: 0.5}
--- !u!114 &954038515
MonoBehaviour:
  m_ObjectHideFlags: 0
  m_PrefabParentObject: {fileID: 114553152900251244, guid: 749cee5392e4f6e468dcb88c493a693c,
    type: 2}
  m_PrefabInternal: {fileID: 0}
  m_GameObject: {fileID: 954038513}
  m_Enabled: 1
  m_EditorHideFlags: 0
  m_Script: {fileID: -900027084, guid: f70555f144d8491a825f0804e09c671c, type: 3}
  m_Name: 
  m_EditorClassIdentifier: 
  m_EffectColor: {r: 0.2352941, g: 0.2352941, b: 0.2352941, a: 0.5}
  m_EffectDistance: {x: 3, y: -3}
  m_UseGraphicAlpha: 1
--- !u!114 &954038516
MonoBehaviour:
  m_ObjectHideFlags: 0
  m_PrefabParentObject: {fileID: 114611721454738572, guid: 749cee5392e4f6e468dcb88c493a693c,
    type: 2}
  m_PrefabInternal: {fileID: 0}
  m_GameObject: {fileID: 954038513}
  m_Enabled: 1
  m_EditorHideFlags: 0
  m_Script: {fileID: -765806418, guid: f5f67c52d1564df4a8936ccd202a3bd8, type: 3}
  m_Name: 
  m_EditorClassIdentifier: 
  m_Material: {fileID: 0}
  m_Color: {r: 1, g: 1, b: 1, a: 1}
  m_RaycastTarget: 1
  m_OnCullStateChanged:
    m_PersistentCalls:
      m_Calls: []
    m_TypeName: UnityEngine.UI.MaskableGraphic+CullStateChangedEvent, UnityEngine.UI,
      Version=1.0.0.0, Culture=neutral, PublicKeyToken=null
  m_Sprite: {fileID: 0}
  m_Type: 0
  m_PreserveAspect: 1
  m_FillCenter: 1
  m_FillMethod: 4
  m_FillAmount: 1
  m_FillClockwise: 1
  m_FillOrigin: 0
--- !u!222 &954038517
CanvasRenderer:
  m_ObjectHideFlags: 0
  m_PrefabParentObject: {fileID: 222483873951701408, guid: 749cee5392e4f6e468dcb88c493a693c,
    type: 2}
  m_PrefabInternal: {fileID: 0}
  m_GameObject: {fileID: 954038513}
--- !u!1001 &1007305355
Prefab:
  m_ObjectHideFlags: 0
  serializedVersion: 2
  m_Modification:
    m_TransformParent: {fileID: 0}
    m_Modifications:
    - target: {fileID: 4365702590044566, guid: 47c4f09d7e523fe4caf3b7dc44af18b9, type: 2}
      propertyPath: m_LocalPosition.x
      value: 0
      objectReference: {fileID: 0}
    - target: {fileID: 4365702590044566, guid: 47c4f09d7e523fe4caf3b7dc44af18b9, type: 2}
      propertyPath: m_LocalPosition.y
      value: 0
      objectReference: {fileID: 0}
    - target: {fileID: 4365702590044566, guid: 47c4f09d7e523fe4caf3b7dc44af18b9, type: 2}
      propertyPath: m_LocalPosition.z
      value: 0
      objectReference: {fileID: 0}
    - target: {fileID: 4365702590044566, guid: 47c4f09d7e523fe4caf3b7dc44af18b9, type: 2}
      propertyPath: m_LocalRotation.x
      value: 0
      objectReference: {fileID: 0}
    - target: {fileID: 4365702590044566, guid: 47c4f09d7e523fe4caf3b7dc44af18b9, type: 2}
      propertyPath: m_LocalRotation.y
      value: 0
      objectReference: {fileID: 0}
    - target: {fileID: 4365702590044566, guid: 47c4f09d7e523fe4caf3b7dc44af18b9, type: 2}
      propertyPath: m_LocalRotation.z
      value: 0
      objectReference: {fileID: 0}
    - target: {fileID: 4365702590044566, guid: 47c4f09d7e523fe4caf3b7dc44af18b9, type: 2}
      propertyPath: m_LocalRotation.w
      value: 1
      objectReference: {fileID: 0}
    - target: {fileID: 4365702590044566, guid: 47c4f09d7e523fe4caf3b7dc44af18b9, type: 2}
      propertyPath: m_RootOrder
      value: 2
      objectReference: {fileID: 0}
    m_RemovedComponents: []
  m_ParentPrefab: {fileID: 100100000, guid: 47c4f09d7e523fe4caf3b7dc44af18b9, type: 2}
  m_IsPrefabParent: 0
--- !u!1 &1133536331
GameObject:
  m_ObjectHideFlags: 0
  m_PrefabParentObject: {fileID: 0}
  m_PrefabInternal: {fileID: 0}
  serializedVersion: 5
  m_Component:
  - component: {fileID: 1133536333}
  - component: {fileID: 1133536332}
  m_Layer: 0
  m_Name: Directional Light
  m_TagString: Untagged
  m_Icon: {fileID: 0}
  m_NavMeshLayer: 0
  m_StaticEditorFlags: 0
  m_IsActive: 1
--- !u!108 &1133536332
Light:
  m_ObjectHideFlags: 0
  m_PrefabParentObject: {fileID: 0}
  m_PrefabInternal: {fileID: 0}
  m_GameObject: {fileID: 1133536331}
  m_Enabled: 1
  serializedVersion: 8
  m_Type: 1
  m_Color: {r: 1, g: 0.95686275, b: 0.8392157, a: 1}
  m_Intensity: 1
  m_Range: 10
  m_SpotAngle: 30
  m_CookieSize: 10
  m_Shadows:
    m_Type: 2
    m_Resolution: -1
    m_CustomResolution: -1
    m_Strength: 1
    m_Bias: 0.05
    m_NormalBias: 0.4
    m_NearPlane: 0.2
  m_Cookie: {fileID: 0}
  m_DrawHalo: 0
  m_Flare: {fileID: 0}
  m_RenderMode: 0
  m_CullingMask:
    serializedVersion: 2
    m_Bits: 4294967295
  m_Lightmapping: 4
  m_AreaSize: {x: 1, y: 1}
  m_BounceIntensity: 1
  m_ColorTemperature: 6570
  m_UseColorTemperature: 0
  m_ShadowRadius: 0
  m_ShadowAngle: 0
--- !u!4 &1133536333
Transform:
  m_ObjectHideFlags: 0
  m_PrefabParentObject: {fileID: 0}
  m_PrefabInternal: {fileID: 0}
  m_GameObject: {fileID: 1133536331}
  m_LocalRotation: {x: 0.40821788, y: -0.23456968, z: 0.10938163, w: 0.8754261}
  m_LocalPosition: {x: 0, y: 3, z: 0}
  m_LocalScale: {x: 1, y: 1, z: 1}
  m_Children: []
  m_Father: {fileID: 0}
  m_RootOrder: 1
  m_LocalEulerAnglesHint: {x: 50, y: -30, z: 0}
--- !u!1 &1329405246
GameObject:
  m_ObjectHideFlags: 0
  m_PrefabParentObject: {fileID: 1846099185917602, guid: 749cee5392e4f6e468dcb88c493a693c,
    type: 2}
  m_PrefabInternal: {fileID: 0}
  serializedVersion: 5
  m_Component:
  - component: {fileID: 1329405247}
  - component: {fileID: 1329405249}
  - component: {fileID: 1329405248}
  m_Layer: 5
  m_Name: Text
  m_TagString: Untagged
  m_Icon: {fileID: 0}
  m_NavMeshLayer: 0
  m_StaticEditorFlags: 0
  m_IsActive: 1
--- !u!224 &1329405247
RectTransform:
  m_ObjectHideFlags: 0
  m_PrefabParentObject: {fileID: 224110733642942646, guid: 749cee5392e4f6e468dcb88c493a693c,
    type: 2}
  m_PrefabInternal: {fileID: 0}
  m_GameObject: {fileID: 1329405246}
  m_LocalRotation: {x: 0, y: 0, z: 0, w: 1}
  m_LocalPosition: {x: 0, y: 0, z: 0}
  m_LocalScale: {x: 1, y: 1, z: 1}
  m_Children: []
  m_Father: {fileID: 792828102}
  m_RootOrder: 0
  m_LocalEulerAnglesHint: {x: 0, y: 0, z: 0}
  m_AnchorMin: {x: 0.5, y: 0.5}
  m_AnchorMax: {x: 0.5, y: 0.5}
  m_AnchoredPosition: {x: 0.0000038147, y: -16.9}
  m_SizeDelta: {x: 98.81, y: 20.1}
  m_Pivot: {x: 0.5, y: 0.5}
--- !u!114 &1329405248
MonoBehaviour:
  m_ObjectHideFlags: 0
  m_PrefabParentObject: {fileID: 114448229866797100, guid: 749cee5392e4f6e468dcb88c493a693c,
    type: 2}
  m_PrefabInternal: {fileID: 0}
  m_GameObject: {fileID: 1329405246}
  m_Enabled: 1
  m_EditorHideFlags: 0
  m_Script: {fileID: 708705254, guid: f70555f144d8491a825f0804e09c671c, type: 3}
  m_Name: 
  m_EditorClassIdentifier: 
  m_Material: {fileID: 0}
  m_Color: {r: 0.19607843, g: 0.19607843, b: 0.19607843, a: 1}
  m_RaycastTarget: 1
  m_OnCullStateChanged:
    m_PersistentCalls:
      m_Calls: []
    m_TypeName: UnityEngine.UI.MaskableGraphic+CullStateChangedEvent, UnityEngine.UI,
      Version=1.0.0.0, Culture=neutral, PublicKeyToken=null
  m_FontData:
    m_Font: {fileID: 12800000, guid: ea38ac844d5b16b4da3597dd71f88d38, type: 3}
    m_FontSize: 14
    m_FontStyle: 0
    m_BestFit: 0
    m_MinSize: 10
    m_MaxSize: 40
    m_Alignment: 4
    m_AlignByGeometry: 0
    m_RichText: 1
    m_HorizontalOverflow: 0
    m_VerticalOverflow: 0
    m_LineSpacing: 1
  m_Text: Kies antwoord
--- !u!222 &1329405249
CanvasRenderer:
  m_ObjectHideFlags: 0
  m_PrefabParentObject: {fileID: 222147401716339820, guid: 749cee5392e4f6e468dcb88c493a693c,
    type: 2}
  m_PrefabInternal: {fileID: 0}
  m_GameObject: {fileID: 1329405246}
--- !u!1 &1463617872
GameObject:
  m_ObjectHideFlags: 0
  m_PrefabParentObject: {fileID: 1455157795394638, guid: 749cee5392e4f6e468dcb88c493a693c,
    type: 2}
  m_PrefabInternal: {fileID: 0}
  serializedVersion: 5
  m_Component:
  - component: {fileID: 1463617875}
  - component: {fileID: 1463617874}
  - component: {fileID: 1463617873}
  m_Layer: 5
  m_Name: Image
  m_TagString: Untagged
  m_Icon: {fileID: 0}
  m_NavMeshLayer: 0
  m_StaticEditorFlags: 0
  m_IsActive: 1
--- !u!114 &1463617873
MonoBehaviour:
  m_ObjectHideFlags: 0
  m_PrefabParentObject: {fileID: 114616931873325930, guid: 749cee5392e4f6e468dcb88c493a693c,
    type: 2}
  m_PrefabInternal: {fileID: 0}
  m_GameObject: {fileID: 1463617872}
  m_Enabled: 1
  m_EditorHideFlags: 0
  m_Script: {fileID: -765806418, guid: f5f67c52d1564df4a8936ccd202a3bd8, type: 3}
  m_Name: 
  m_EditorClassIdentifier: 
  m_Material: {fileID: 0}
  m_Color: {r: 1, g: 1, b: 1, a: 0.522}
  m_RaycastTarget: 1
  m_OnCullStateChanged:
    m_PersistentCalls:
      m_Calls: []
    m_TypeName: UnityEngine.UI.MaskableGraphic+CullStateChangedEvent, UnityEngine.UI,
      Version=1.0.0.0, Culture=neutral, PublicKeyToken=null
  m_Sprite: {fileID: 21300000, guid: bc14cf739df040a409ad57c4512e543f, type: 3}
  m_Type: 3
  m_PreserveAspect: 0
  m_FillCenter: 1
  m_FillMethod: 0
  m_FillAmount: 0
  m_FillClockwise: 1
  m_FillOrigin: 0
--- !u!222 &1463617874
CanvasRenderer:
  m_ObjectHideFlags: 0
  m_PrefabParentObject: {fileID: 222546644352589458, guid: 749cee5392e4f6e468dcb88c493a693c,
    type: 2}
  m_PrefabInternal: {fileID: 0}
  m_GameObject: {fileID: 1463617872}
--- !u!224 &1463617875
RectTransform:
  m_ObjectHideFlags: 0
  m_PrefabParentObject: {fileID: 224012521188683628, guid: 749cee5392e4f6e468dcb88c493a693c,
    type: 2}
  m_PrefabInternal: {fileID: 0}
  m_GameObject: {fileID: 1463617872}
  m_LocalRotation: {x: 0, y: 0, z: 0, w: 1}
  m_LocalPosition: {x: 0, y: 0, z: 0}
  m_LocalScale: {x: 1, y: 1, z: 1}
  m_Children: []
  m_Father: {fileID: 46961069}
  m_RootOrder: 0
  m_LocalEulerAnglesHint: {x: 0, y: 0, z: 0}
  m_AnchorMin: {x: 0, y: 0}
  m_AnchorMax: {x: 1, y: 1}
  m_AnchoredPosition: {x: 0, y: 0}
  m_SizeDelta: {x: 0, y: 0}
  m_Pivot: {x: 0.5, y: 0.5}
--- !u!1 &1557495831
GameObject:
  m_ObjectHideFlags: 0
  m_PrefabParentObject: {fileID: 1544481099642218, guid: 749cee5392e4f6e468dcb88c493a693c,
    type: 2}
  m_PrefabInternal: {fileID: 0}
  serializedVersion: 5
  m_Component:
  - component: {fileID: 1557495832}
  - component: {fileID: 1557495834}
  - component: {fileID: 1557495835}
  - component: {fileID: 1557495833}
  m_Layer: 5
  m_Name: MessageText
  m_TagString: Untagged
  m_Icon: {fileID: 0}
  m_NavMeshLayer: 0
  m_StaticEditorFlags: 0
  m_IsActive: 1
--- !u!224 &1557495832
RectTransform:
  m_ObjectHideFlags: 0
  m_PrefabParentObject: {fileID: 224945830090148998, guid: 749cee5392e4f6e468dcb88c493a693c,
    type: 2}
  m_PrefabInternal: {fileID: 0}
  m_GameObject: {fileID: 1557495831}
  m_LocalRotation: {x: 0, y: 0, z: 0, w: 1}
  m_LocalPosition: {x: 0, y: 0, z: 0}
  m_LocalScale: {x: 1, y: 1, z: 1}
  m_Children: []
  m_Father: {fileID: 664334478}
  m_RootOrder: 1
  m_LocalEulerAnglesHint: {x: 0, y: 0, z: 0}
  m_AnchorMin: {x: 0, y: 0}
  m_AnchorMax: {x: 1, y: 1}
  m_AnchoredPosition: {x: -53.8, y: 2.98}
  m_SizeDelta: {x: -211.55, y: -47.5}
  m_Pivot: {x: 0.5, y: 0.5}
--- !u!114 &1557495833
MonoBehaviour:
  m_ObjectHideFlags: 0
  m_PrefabParentObject: {fileID: 114442532064650380, guid: 749cee5392e4f6e468dcb88c493a693c,
    type: 2}
  m_PrefabInternal: {fileID: 0}
  m_GameObject: {fileID: 1557495831}
  m_Enabled: 1
  m_EditorHideFlags: 0
  m_Script: {fileID: -900027084, guid: f70555f144d8491a825f0804e09c671c, type: 3}
  m_Name: 
  m_EditorClassIdentifier: 
  m_EffectColor: {r: 1, g: 1, b: 1, a: 0.5}
  m_EffectDistance: {x: 1, y: -1}
  m_UseGraphicAlpha: 1
--- !u!222 &1557495834
CanvasRenderer:
  m_ObjectHideFlags: 0
  m_PrefabParentObject: {fileID: 222100434002040890, guid: 749cee5392e4f6e468dcb88c493a693c,
    type: 2}
  m_PrefabInternal: {fileID: 0}
  m_GameObject: {fileID: 1557495831}
--- !u!114 &1557495835
MonoBehaviour:
  m_ObjectHideFlags: 0
  m_PrefabParentObject: {fileID: 114369052395179828, guid: 749cee5392e4f6e468dcb88c493a693c,
    type: 2}
  m_PrefabInternal: {fileID: 0}
  m_GameObject: {fileID: 1557495831}
  m_Enabled: 1
  m_EditorHideFlags: 0
  m_Script: {fileID: 708705254, guid: f5f67c52d1564df4a8936ccd202a3bd8, type: 3}
  m_Name: 
  m_EditorClassIdentifier: 
  m_Material: {fileID: 0}
  m_Color: {r: 0.14705884, g: 0.14705884, b: 0.14705884, a: 1}
  m_RaycastTarget: 1
  m_OnCullStateChanged:
    m_PersistentCalls:
      m_Calls: []
    m_TypeName: UnityEngine.UI.MaskableGraphic+CullStateChangedEvent, UnityEngine.UI,
      Version=1.0.0.0, Culture=neutral, PublicKeyToken=null
  m_FontData:
    m_Font: {fileID: 12800000, guid: ea38ac844d5b16b4da3597dd71f88d38, type: 3}
    m_FontSize: 18
    m_FontStyle: 2
    m_BestFit: 0
    m_MinSize: 10
    m_MaxSize: 40
    m_Alignment: 0
    m_AlignByGeometry: 0
    m_RichText: 1
    m_HorizontalOverflow: 0
    m_VerticalOverflow: 0
    m_LineSpacing: 1
  m_Text: B) Wat kijk je?
--- !u!4 &1570977622 stripped
Transform:
  m_PrefabParentObject: {fileID: 482300, guid: 60270cf52a5e94998a5a335989159738, type: 2}
  m_PrefabInternal: {fileID: 74536966}
--- !u!1001 &1747418974
Prefab:
  m_ObjectHideFlags: 0
  serializedVersion: 2
  m_Modification:
    m_TransformParent: {fileID: 0}
    m_Modifications:
    - target: {fileID: 498412, guid: 970dd4b9371394fb4890965f608d46fd, type: 2}
      propertyPath: m_LocalPosition.x
      value: 0
      objectReference: {fileID: 0}
    - target: {fileID: 498412, guid: 970dd4b9371394fb4890965f608d46fd, type: 2}
      propertyPath: m_LocalPosition.y
      value: 0
      objectReference: {fileID: 0}
    - target: {fileID: 498412, guid: 970dd4b9371394fb4890965f608d46fd, type: 2}
      propertyPath: m_LocalPosition.z
      value: -2
      objectReference: {fileID: 0}
    - target: {fileID: 498412, guid: 970dd4b9371394fb4890965f608d46fd, type: 2}
      propertyPath: m_LocalRotation.x
      value: 0
      objectReference: {fileID: 0}
    - target: {fileID: 498412, guid: 970dd4b9371394fb4890965f608d46fd, type: 2}
      propertyPath: m_LocalRotation.y
      value: 0
      objectReference: {fileID: 0}
    - target: {fileID: 498412, guid: 970dd4b9371394fb4890965f608d46fd, type: 2}
      propertyPath: m_LocalRotation.z
      value: 0
      objectReference: {fileID: 0}
    - target: {fileID: 498412, guid: 970dd4b9371394fb4890965f608d46fd, type: 2}
      propertyPath: m_LocalRotation.w
      value: 1
      objectReference: {fileID: 0}
    - target: {fileID: 498412, guid: 970dd4b9371394fb4890965f608d46fd, type: 2}
      propertyPath: m_RootOrder
      value: 3
      objectReference: {fileID: 0}
    m_RemovedComponents: []
  m_ParentPrefab: {fileID: 100100000, guid: 970dd4b9371394fb4890965f608d46fd, type: 2}
  m_IsPrefabParent: 0
--- !u!1 &1951470599
GameObject:
  m_ObjectHideFlags: 0
  m_PrefabParentObject: {fileID: 1644067537464404, guid: 749cee5392e4f6e468dcb88c493a693c,
    type: 2}
  m_PrefabInternal: {fileID: 0}
  serializedVersion: 5
  m_Component:
  - component: {fileID: 1951470600}
  - component: {fileID: 1951470603}
  - component: {fileID: 1951470602}
  - component: {fileID: 1951470601}
  m_Layer: 5
  m_Name: FillOverlay
  m_TagString: Untagged
  m_Icon: {fileID: 0}
  m_NavMeshLayer: 0
  m_StaticEditorFlags: 0
  m_IsActive: 1
--- !u!224 &1951470600
RectTransform:
  m_ObjectHideFlags: 0
  m_PrefabParentObject: {fileID: 224061051494514276, guid: 749cee5392e4f6e468dcb88c493a693c,
    type: 2}
  m_PrefabInternal: {fileID: 0}
  m_GameObject: {fileID: 1951470599}
  m_LocalRotation: {x: -0, y: -0, z: -0, w: 1}
  m_LocalPosition: {x: 0, y: 0, z: 0}
  m_LocalScale: {x: 1, y: 1, z: 1}
  m_Children:
  - {fileID: 2146657265}
  m_Father: {fileID: 664334478}
  m_RootOrder: 4
  m_LocalEulerAnglesHint: {x: 0, y: 0, z: 0}
  m_AnchorMin: {x: 0, y: 0}
  m_AnchorMax: {x: 0, y: 0}
  m_AnchoredPosition: {x: 355.17996, y: 51.599884}
  m_SizeDelta: {x: 105.7123, y: 64.2733}
  m_Pivot: {x: 0.5, y: 0.5}
--- !u!114 &1951470601
MonoBehaviour:
  m_ObjectHideFlags: 0
  m_PrefabParentObject: {fileID: 114413445145216406, guid: 749cee5392e4f6e468dcb88c493a693c,
    type: 2}
  m_PrefabInternal: {fileID: 0}
  m_GameObject: {fileID: 1951470599}
  m_Enabled: 1
  m_EditorHideFlags: 0
  m_Script: {fileID: -1862395651, guid: f70555f144d8491a825f0804e09c671c, type: 3}
  m_Name: 
  m_EditorClassIdentifier: 
  m_Delegates:
  - eventID: 0
    callback:
      m_PersistentCalls:
        m_Calls:
        - m_Target: {fileID: 664334477}
          m_MethodName: OnGazeOver
          m_Mode: 1
          m_Arguments:
            m_ObjectArgument: {fileID: 0}
            m_ObjectArgumentAssemblyTypeName: UnityEngine.Object, UnityEngine
            m_IntArgument: 0
            m_FloatArgument: 0
            m_StringArgument: 
            m_BoolArgument: 0
          m_CallState: 2
      m_TypeName: UnityEngine.EventSystems.EventTrigger+TriggerEvent, UnityEngine.UI,
        Version=1.0.0.0, Culture=neutral, PublicKeyToken=null
  - eventID: 1
    callback:
      m_PersistentCalls:
        m_Calls:
        - m_Target: {fileID: 664334477}
          m_MethodName: OnGazeOut
          m_Mode: 1
          m_Arguments:
            m_ObjectArgument: {fileID: 0}
            m_ObjectArgumentAssemblyTypeName: UnityEngine.Object, UnityEngine
            m_IntArgument: 0
            m_FloatArgument: 0
            m_StringArgument: 
            m_BoolArgument: 0
          m_CallState: 2
      m_TypeName: UnityEngine.EventSystems.EventTrigger+TriggerEvent, UnityEngine.UI,
        Version=1.0.0.0, Culture=neutral, PublicKeyToken=null
  delegates: []
--- !u!114 &1951470602
MonoBehaviour:
  m_ObjectHideFlags: 0
  m_PrefabParentObject: {fileID: 114884576704627340, guid: 749cee5392e4f6e468dcb88c493a693c,
    type: 2}
  m_PrefabInternal: {fileID: 0}
  m_GameObject: {fileID: 1951470599}
  m_Enabled: 1
  m_EditorHideFlags: 0
  m_Script: {fileID: 11500000, guid: 739800cd36aba44e9b04ce977e5784bd, type: 3}
  m_Name: 
  m_EditorClassIdentifier: 
  drawDebugRays: 0
  ignoreReversedGraphics: 1
  blockingObjects: 0
  blockingMask:
    serializedVersion: 2
    m_Bits: 0
--- !u!223 &1951470603
Canvas:
  m_ObjectHideFlags: 0
  m_PrefabParentObject: {fileID: 223985533345862118, guid: 749cee5392e4f6e468dcb88c493a693c,
    type: 2}
  m_PrefabInternal: {fileID: 0}
  m_GameObject: {fileID: 1951470599}
  m_Enabled: 1
  serializedVersion: 3
  m_RenderMode: 2
  m_Camera: {fileID: 0}
  m_PlaneDistance: 100
  m_PixelPerfect: 0
  m_ReceivesEvents: 1
  m_OverrideSorting: 0
  m_OverridePixelPerfect: 0
  m_SortingBucketNormalizedSize: 0
  m_AdditionalShaderChannelsFlag: 25
  m_SortingLayerID: 0
  m_SortingOrder: 1
  m_TargetDisplay: 0
--- !u!1 &2137317920
GameObject:
  m_ObjectHideFlags: 0
  m_PrefabParentObject: {fileID: 0}
  m_PrefabInternal: {fileID: 0}
  serializedVersion: 5
  m_Component:
  - component: {fileID: 2137317925}
  - component: {fileID: 2137317921}
  - component: {fileID: 2137317924}
  - component: {fileID: 2137317923}
  - component: {fileID: 2137317922}
  m_Layer: 0
  m_Name: Main Camera
  m_TagString: MainCamera
  m_Icon: {fileID: 0}
  m_NavMeshLayer: 0
  m_StaticEditorFlags: 0
  m_IsActive: 1
--- !u!20 &2137317921
Camera:
  m_ObjectHideFlags: 0
  m_PrefabParentObject: {fileID: 0}
  m_PrefabInternal: {fileID: 0}
  m_GameObject: {fileID: 2137317920}
  m_Enabled: 1
  serializedVersion: 2
  m_ClearFlags: 1
  m_BackGroundColor: {r: 0.19215687, g: 0.3019608, b: 0.4745098, a: 0}
  m_NormalizedViewPortRect:
    serializedVersion: 2
    x: 0
    y: 0
    width: 1
    height: 1
  near clip plane: 0.3
  far clip plane: 1000
  field of view: 60
  orthographic: 0
  orthographic size: 5
  m_Depth: -1
  m_CullingMask:
    serializedVersion: 2
    m_Bits: 4294967295
  m_RenderingPath: -1
  m_TargetTexture: {fileID: 0}
  m_TargetDisplay: 0
  m_TargetEye: 3
  m_HDR: 1
  m_AllowMSAA: 1
  m_ForceIntoRT: 0
  m_OcclusionCulling: 1
  m_StereoConvergence: 10
  m_StereoSeparation: 0.022
  m_StereoMirrorMode: 0
--- !u!81 &2137317922
AudioListener:
  m_ObjectHideFlags: 0
  m_PrefabParentObject: {fileID: 0}
  m_PrefabInternal: {fileID: 0}
  m_GameObject: {fileID: 2137317920}
  m_Enabled: 1
--- !u!124 &2137317923
Behaviour:
  m_ObjectHideFlags: 0
  m_PrefabParentObject: {fileID: 0}
  m_PrefabInternal: {fileID: 0}
  m_GameObject: {fileID: 2137317920}
  m_Enabled: 1
--- !u!92 &2137317924
Behaviour:
  m_ObjectHideFlags: 0
  m_PrefabParentObject: {fileID: 0}
  m_PrefabInternal: {fileID: 0}
  m_GameObject: {fileID: 2137317920}
  m_Enabled: 1
--- !u!4 &2137317925
Transform:
  m_ObjectHideFlags: 0
  m_PrefabParentObject: {fileID: 0}
  m_PrefabInternal: {fileID: 0}
  m_GameObject: {fileID: 2137317920}
  m_LocalRotation: {x: 0, y: 0.7071068, z: 0, w: 0.7071068}
  m_LocalPosition: {x: 0, y: 1, z: 0}
  m_LocalScale: {x: 1, y: 1, z: 1}
  m_Children:
  - {fileID: 1570977622}
  m_Father: {fileID: 0}
  m_RootOrder: 0
  m_LocalEulerAnglesHint: {x: 0, y: 90, z: 0}
--- !u!1 &2146657262
GameObject:
  m_ObjectHideFlags: 0
  m_PrefabParentObject: {fileID: 1002996635953776, guid: 749cee5392e4f6e468dcb88c493a693c,
    type: 2}
  m_PrefabInternal: {fileID: 0}
  serializedVersion: 5
  m_Component:
  - component: {fileID: 2146657265}
  - component: {fileID: 2146657264}
  - component: {fileID: 2146657263}
  m_Layer: 5
  m_Name: Image
  m_TagString: Untagged
  m_Icon: {fileID: 0}
  m_NavMeshLayer: 0
  m_StaticEditorFlags: 0
  m_IsActive: 1
--- !u!114 &2146657263
MonoBehaviour:
  m_ObjectHideFlags: 0
  m_PrefabParentObject: {fileID: 114240315814582056, guid: 749cee5392e4f6e468dcb88c493a693c,
    type: 2}
  m_PrefabInternal: {fileID: 0}
  m_GameObject: {fileID: 2146657262}
  m_Enabled: 1
  m_EditorHideFlags: 0
  m_Script: {fileID: -765806418, guid: f5f67c52d1564df4a8936ccd202a3bd8, type: 3}
  m_Name: 
  m_EditorClassIdentifier: 
  m_Material: {fileID: 0}
  m_Color: {r: 1, g: 1, b: 1, a: 0.522}
  m_RaycastTarget: 1
  m_OnCullStateChanged:
    m_PersistentCalls:
      m_Calls: []
    m_TypeName: UnityEngine.UI.MaskableGraphic+CullStateChangedEvent, UnityEngine.UI,
      Version=1.0.0.0, Culture=neutral, PublicKeyToken=null
  m_Sprite: {fileID: 21300000, guid: bc14cf739df040a409ad57c4512e543f, type: 3}
  m_Type: 3
  m_PreserveAspect: 0
  m_FillCenter: 1
  m_FillMethod: 0
  m_FillAmount: 0
  m_FillClockwise: 1
  m_FillOrigin: 0
--- !u!222 &2146657264
CanvasRenderer:
  m_ObjectHideFlags: 0
  m_PrefabParentObject: {fileID: 222050722428876666, guid: 749cee5392e4f6e468dcb88c493a693c,
    type: 2}
  m_PrefabInternal: {fileID: 0}
  m_GameObject: {fileID: 2146657262}
--- !u!224 &2146657265
RectTransform:
  m_ObjectHideFlags: 0
  m_PrefabParentObject: {fileID: 224406055165724888, guid: 749cee5392e4f6e468dcb88c493a693c,
    type: 2}
  m_PrefabInternal: {fileID: 0}
  m_GameObject: {fileID: 2146657262}
  m_LocalRotation: {x: 0, y: 0, z: 0, w: 1}
  m_LocalPosition: {x: 0, y: 0, z: 0}
  m_LocalScale: {x: 1, y: 1, z: 1}
  m_Children: []
  m_Father: {fileID: 1951470600}
  m_RootOrder: 0
  m_LocalEulerAnglesHint: {x: 0, y: 0, z: 0}
  m_AnchorMin: {x: 0, y: 0}
  m_AnchorMax: {x: 1, y: 1}
  m_AnchoredPosition: {x: 0, y: 0}
  m_SizeDelta: {x: 0, y: 0}
  m_Pivot: {x: 0.5, y: 0.5}
